<record xmlns:xsi="http://www.w3.org/2001/XMLSchema-instance" xmlns="http://www.loc.gov/MARC21/slim" xsi:schemaLocation="http://www.loc.gov/MARC21/slim http://www.loc.gov/standards/marcxml/schema/MARC21slim.xsd">

  <leader>00655nam a2200193Ia 4500</leader>
  <datafield ind1=" " ind2=" " tag="999">
    <subfield code="c">1306</subfield>
    <subfield code="d">1306</subfield>
  </datafield>
  <controlfield tag="008">170605b1997    xxu||||| |||| 00| | spa d</controlfield>
  <datafield ind1=" " ind2=" " tag="090">
    <subfield code="a">04.03.03 </subfield>
    <subfield code="b">460</subfield>
  </datafield>
  <datafield ind1="1" ind2=" " tag="100">
    <subfield code="a">Meza, Darlyn</subfield>
    <subfield code="9">2895</subfield>
  </datafield>
  <datafield ind1="1" tag="245" ind2="0">
    <subfield code="a">Descentralización educativa, organización y manejo de las escuelas a nivel local- el caso de El Salvador : EDUCO</subfield>
  </datafield>
  <datafield ind1=" " ind2=" " tag="260">
    <subfield code="a">[Lugar de publicación no identificado] : </subfield>
    <subfield code="b">Banco Mundial, </subfield>
    <subfield code="c">1997</subfield>
  </datafield>
  <datafield ind1=" " tag="300" ind2=" ">
    <subfield code="a">13 páginas</subfield>
  </datafield>
  <datafield ind2=" " tag="500" ind1=" ">
    <subfield code="a">Informe No. 9</subfield>
  </datafield>
  <datafield ind2="4" tag="650" ind1="1">
    <subfield code="9">2184</subfield>
    <subfield code="a">DESCENTRALIZACIÓN</subfield>
  </datafield>
  <datafield ind1="1" tag="650" ind2="4">
    <subfield code="a">EDUCACIÓN</subfield>
    <subfield code="9">1</subfield>
  </datafield>
  <datafield ind1="1" ind2="4" tag="650">
    <subfield code="a">EDUCACIÓN PRIMARIA</subfield>
    <subfield code="9">367</subfield>
  </datafield>
  <datafield ind1="1" ind2="4" tag="650">
    <subfield code="a">SISTEMAS DE ENSEÑANZA</subfield>
    <subfield code="9">401</subfield>
  </datafield>
  <datafield ind2="4" tag="651" ind1=" ">
    <subfield code="a">EL SALVADOR</subfield>
    <subfield code="9">2475</subfield>
  </datafield>
  <datafield ind2=" " tag="942" ind1=" ">
    <subfield code="2">z</subfield>
    <subfield code="c">01</subfield>
  </datafield>
</record>